@inproceedings{wickerson2017automatically,
  title={Automatically comparing memory consistency models},
  author={Wickerson, John and Batty, Mark and Sorensen, Tyler and Constantinides, George A},
  booktitle={Proceedings of the 44th ACM SIGPLAN Symposium on Principles of Programming Languages},
  pages={190--204},
  year={2017},
  organization={ACM}
}

@inproceedings{lahav2017repairing,
  title={Repairing sequential consistency in C/C++ 11},
  author={Lahav, Ori and Vafeiadis, Viktor and Kang, Jeehoon and Hur, Chung-Kil and Dreyer, Derek},
  booktitle={Proceedings of the 38th ACM SIGPLAN Conference on Programming Language Design and Implementation},
  pages={618--632},
  year={2017},
  organization={ACM}
}

@online{opencl,
  author = {Khronos Group},
  title = {The OpenCL Specification. Version 2.2},
  year = 2018,
  url = {https://www.khronos.org/registry/cl/},
}

@online{ptx,
  author = {NVidia},
  title = {Parallel Thread Execution ISA Version 6.2},
  year = 2017,
  url = {https://docs.nvidia.com/cuda/parallel-thread-execution/},
}

@inproceedings{lustig2017automated,
  title={Automated synthesis of comprehensive memory model litmus test suites},
  author={Lustig, Daniel and Wright, Andrew and Papakonstantinou, Alexandros and Giroux, Olivier},
  booktitle={Proceedings of the Twenty-Second International Conference on Architectural Support for Programming Languages and Operating Systems},
  pages={661--675},
  year={2017},
  organization={ACM}
}